00535cas a22002051a 4500
001 9917737313502836
003 Nz
005 20161223172958.0
008 031218m1860uuuunz  r ne      000 0 eng d
035    $a (Nz)8131259
035    $a (NLNZils)1773731-ilsdb
040    $a WN $c WN
042    $a nznb
043    $a u-nz---
245 00 $a Auckland morning post and provincial advocate.
260    $a Auckland [N.Z.]
310    $a Semiweekly
362 0  $a 1860 Feb.27-?
651  0 $a Auckland (N.Z.) $v Newspapers.
655  7 $a New Zealand newspapers. $2 local $5 Nz
